@ARTICLE {freeman1964,
    author  = "H. Freeman and L. Gardner",
    title   = "Apictorial jigsaw puzzles: The computer solution of a problem in pattern recognition",
    journal = "IEEE Transactions on Electronic Computers",
    year    = "1964",
    volume  = "13",
    pages   = "118-–127"
}

@article{altman1990,
 author = {Altman, Tom},
 title = {Solving the Jigsaw Puzzle Problem in Linear Time},
 journal = {Appl. Artif. Intell.},
 issue_date = {1989},
 volume = {3},
 number = {4},
 month = jan,
 year = {1990},
 issn = {0883-9514},
 pages = {453--462},
} 


@Article{demaine2007,
  AUTHOR        = {Erik D. Demaine and Martin L. Demaine},
  TITLE         = {Jigsaw Puzzles, Edge Matching, and Polyomino Packing:
                   Connections and Complexity},
  JOURNAL       = {Graphs and Combinatorics},
  VOLUME        = {23 (Supplement)},
  MONTH         = {June},
  YEAR          = 2007,
  PAGES         = {195--208}
}

@ARTICLE {koller2006,
    author  = "David Koller, Marc Levoy",
    title   = "Computer-aided reconstruction and new matches in the forma urbis romae",
    journal = "Bullettino Della Commissione Archeologica Comunale di Roma",
    year    = "2006",
    volume  = "2",
    pages   = "103-125"
}

@article{brown2008,
    author = "Benedict J. Brown and Corey Toler-Franklin and Diego Nehab and Michael Burns and David Dobkin and Andreas Vlachopoulos and Christos Doumas and Szymon Rusinkiewicz and Tim Weyrich",
    title = "A System for High-Volume Acquisition and Matching of Fresco Fragments: Reassembling {Theran} Wall Paintings",
    journal = "ACM Transactions on Graphics (Proc. SIGGRAPH)",
    year = "2008",
    month = aug,
    volume = "27",
    number = "3"
}

@article{garfinkel2010,
    author = {Garfinkel, Simson L.},
    title = {Digital Forensics Research: The Next 10 Years},
    journal = {Digit. Investig.},
    volume = {7},
    month = aug,
    year = {2010}
} 

@article{cho2008,
    author = {Cho, Taeg Sang and Butman, Moshe and Avidan, Shai and Freeman, William T.},
    title = {The patch transform and its applications to image editing.},
    journal = {IEEE Conference on Computer Vision and Pattern Recognition},
    year = {2008}
}

