@article{altman1990,
    author = {Altman, Tom},
    title = {Solving the Jigsaw Puzzle Problem in Linear Time},
    journal = {Applied Artificial Intelligence},
    issue_date = {1989},
    volume = {3},
    number = {4},
    month = jan,
    year = {1990},
    issn = {0883-9514},
    pages = {453--462},
} 

@article{brown2008,
    author = "Benedict J. Brown and Corey Toler-Franklin and Diego Nehab and Michael Burns and David Dobkin and Andreas Vlachopoulos and Christos Doumas and Szymon Rusinkiewicz and Tim Weyrich",
    title = "A System for High-Volume Acquisition and Matching of Fresco Fragments: Reassembling {Theran} Wall Paintings",
    journal = "ACM Transactions on Graphics",
    year = "2008",
    month = aug,
    volume = "27",
    number = "3"
}


@article{cho2008,
    author = {Cho, Taeg Sang and Butman, Moshe and Avidan, Shai and Freeman, William T.},
    title = {The Patch Transform and Its Applications to Image Editing},
    journal = {Proceedings of the 2008 IEEE Conference on Computer Vision and Pattern Recognition (CVPR)},
    series = {CVPR '08},
    publisher = {IEEE Computer Society},
    year = {2008}
}

@inproceedings{cho2010,
    author = {Cho, Taeg Sang and Avidan, Shai and Freeman, William T.},
    title = {A Probabilistic Image Jigsaw Puzzle Solver},
    booktitle = {Proceedings of the 2010 IEEE Conference on Computer Vision and Pattern Recognition (CVPR)},
    series = {CVPR '10},
    pages = {183--190},
    publisher = {IEEE Computer Society},
    year = 2010
}


@book{cormenIntroToAlgorithms,
 author = {Cormen, Thomas H. and Leiserson, Charles E. and Rivest, Ronald L. and Stein, Clifford},
 title = {Introduction to Algorithms, Third Edition},
 year = {2009},
 isbn = {0262033844, 9780262033848},
 edition = {3rd},
 publisher = {The MIT Press}
} 



@article{demaine2007,
    author = {Erik D. Demaine and Martin L. Demaine},
    title = {Jigsaw Puzzles, Edge Matching, and Polyomino Packing: Connections and Complexity},
    journal = {Graphs and Combinatorics},
    volume = {23 (Supplement)},
    month = {June},
    year = 2007,
    pages = {195--208}
}


@article{freeman1964,
    author  = "H. Freeman and L. Gardner",
    title   = "Apictorial Jigsaw Puzzles: The Computer Solution of a Problem in Pattern Recognition",
    journal = "IEEE Transactions on Electronic Computers",
    year    = "1964",
    volume  = "13",
    pages   = "118--127"
}


@inproceedings{gallagher2012,
    author = {Gallagher, Andrew C.},
    title = {Jigsaw Puzzles with Pieces of Unknown Orientation},
    booktitle = {Proceedings of the 2012 IEEE Conference on Computer Vision and Pattern Recognition (CVPR)},
    series = {CVPR '12},
    year = {2012},
    pages = {382--389},
    numpages = {8},
    publisher = {IEEE Computer Society},
} 


@article{garfinkel2010,
    author = {Garfinkel, Simson L.},
    title = {Digital Forensics Research: The Next 10 Years},
    journal = {Digital Investigation},
    volume = {7},
    month = aug,
    year = {2010}
} 


@article{koller2006,
    author  = "David Koller, Marc Levoy",
    title   = "Computer-aided Reconstruction and New Matches in the {Forma Urbis Romae}",
    journal = "Bullettino Della Commissione Archeologica Comunale di Roma",
    year    = "2006",
    volume  = "2",
    pages   = "103--125"
}


@article {marande2007,
	author = {Marande, William and Burger, Gertraud},
	title = {Mitochondrial {DNA} as a Genomic Jigsaw Puzzle},
	volume = {318},
	number = {5849},
	pages = {415--415},
	year = {2007},
	journal = {Science}
}

@misc{mcgillImageDatabase,
    author = {A. Olmos and F. A. A. Kingdom},
    title = {{McGill} Calibrated Colour Image Database},
    howpublished = {\url{http://tabby.vision.mcgill.ca/}},
    month = {},
    year = {2005},
    note = {(Accessed on 05/01/2016)}
}


@article{opencv_library,
    author = {Bradski, Gary},
    title = {The {OpenCV} Library},
    journal = {Dr. Dobb's Journal of Software Tools},
    month = nov,
    year = {2000}
}


@inproceedings{paikin2015,
    author = {Paikin, Genady and Tal, Ayellet},
    booktitle = {Proceedings of the 2015 IEEE Conference on Computer Vision and Pattern Recognition (CVPR)},
    series = {CVPR '15},
    publisher = {IEEE Computer Society},
    title = {Solving Multiple Square Jigsaw Puzzles with Missing Pieces},
    year = 2015
}


@book{pitas,
    author = {Pitas, Ioannis},
    title = {Digital Image Processing Algorithms and Applications},
    year = {2000},
    isbn = {0471377392},
    edition = {1st},
    publisher = {John Wiley \& Sons, Inc.},
    address = {New York, NY, USA},
} 


@misc{pixabay,
    author = {Hans Braxmeier and Simon Steinberger},
    title = {Pixabay},
    howpublished = {\url{https://pixabay.com/}},
    month = {},
    year = {},
    note = {(Accessed on 05/15/2016)}
}


@inproceedings{pomeranz2011,
    author={Pomeranz, Dolev and Shemesh, Michal and Ben-Shahar, Ohad},
    title={A Fully Automated Greedy Square Jigsaw Puzzle Solver},
    booktitle = {Proceedings of the 2011 IEEE Conference on Computer Vision and Pattern Recognition (CVPR)},
    series = {CVPR '11},
    pages={9--16},
    publisher={IEEE Computer Society},
    year={2011}
}


@misc{pomeranzBenchmarkImages,
    author = {Pomeranz, Dolev and Shemesh, Michal and Ben-Shahar, Ohad},
    title = {Computational Jigsaw Puzzle Solving},
    howpublished = {\url{https://www.cs.bgu.ac.il/~icvl/icvl_projects/automatic-jigsaw-puzzle-solving/}},
    month = {},
    year = {2011},
    note = {(Accessed on 05/01/2016)}
}

@misc{python,
    author = {Python Software Foundation},
    title = {Python Language Reference, version 2.7},
    howpublished = {\url{https://www.python.org/}},
    month = {},
    year = {}
}

@misc{pythonJavaComparison,
author = {Python Software Foundation},
title = {Comparing Python to Other Languages | Python.org},
howpublished = {\url{https://www.python.org/doc/essays/comparisons/}},
month = {},
year = {},
note = {(Accessed on 10/09/2016)}
}


@inproceedings{sholomon2013,
    author = {Dror Sholomon and Omid David and Nathan S. Netanyahu},
    title = {A Genetic Algorithm-Based Solver for Very Large Jigsaw Puzzles},
    booktitle = {Proceedings of the 2013 IEEE Conference on Computer Vision and Pattern Recognition (CVPR)},
    pages = {1767--1774},
	series = {CVPR '13},
    publisher={IEEE Computer Society},
    year = {2013}
}


@misc{sholomonBenchmarkImages,
    author = {Dror Sholomon and Omid David and Nathan S. Netanyahu},
    title = {Datasets of Larger Images and {GA}-Based Solver's Results on These and Other Sets},
    howpublished = {\url{http://u.cs.biu.ac.il/~nathan/Jigsaw/}},
    month = {},
    year = {2013},
    note = {(Accessed on 05/01/2016)}
}


@inproceedings{son2014,
    author = {Kilho Son and James Hays and David B. Cooper},
    title = {Solving Square Jigsaw Puzzles with Loop Constraints},
    booktitle = {Proceedings of the 2014 European Conference on Computer Vision (ECCV)},
    pages = {32--46},
	publisher = {Springer},
    year = {2014}
}


@book{tanIntroToDataMining,
 author = {Tan, Pang-Ning and Steinbach, Michael and Kumar, Vipin},
 title = {Introduction to Data Mining, (First Edition)},
 year = {2005},
 isbn = {0321321367},
 publisher = {Addison-Wesley Longman Publishing Co., Inc.},
 address = {Boston, MA, USA},
} 


@article{walt2011,
    author = {Walt, Stefan van der and Colbert, S. Chris and Varoquaux, Gael},
    title = {The {NumPy} Array: A Structure for Efficient Numerical Computation},
    journal = {Computing in Science and Engineering},
    issue_date = {March 2011},
    volume = {13},
    number = {2},
    month = mar,
    year = {2011},
    pages = {22--30},
    numpages = {9},
} 


@book{williams1990, 
    place={Radnor, PA}, 
    title={Jigsaw Puzzles: An Illustrated History and Price Guide}, 
    publisher={Wallace-Homestead Book Co.}, 
    author={Williams, Anne D.}, 
    year={1990}
}


@book{williams2004, 
    place={New York}, 
    title={The Jigsaw Puzzle: Piecing Together a History}, 
    publisher={Berkley Books}, 
    author={Williams, Anne D.}, 
    year={2004}
}


@inproceedings{zhao2007,
    author = {Zhao, Yu-Xiang and Su, Mu-Chun and Chou, Zhong-Lie and Lee, Jonathan},
    title = {A Puzzle Solver and Its Application in Speech Descrambling},
    booktitle = {Proceedings of the 2007 International Conference on Computer Engineering and Applications},
    year = {2007},
    pages = {171--176},
    numpages = {6},
    publisher = {World Scientific and Engineering Academy and Society},
} 


@article{zhu2008,
    author = {Zhu, Liangjia and Zhou, Zongtan and Hu, Dewen},
    journal = {IEEE Transactions on Pattern Analysis and Machine Intelligence},
    pages = {1--13},
    title = {Globally Consistent Reconstruction of Ripped-Up Documents},
    volume = 30,
    year = 2008
}