@article{garfinkel_digitalForsensics,
 author = {Garfinkel, Simson L.},
 title = {Digital Forensics Research: The Next 10 Years},
 journal = {Digit. Investig.},
 issue_date = {August, 2010},
 volume = {7},
 month = aug,
 year = {2010},
 issn = {1742-2876},
 pages = {S64--S73},
 url = {http://dx.doi.org/10.1016/j.diin.2010.05.009},
 doi = {10.1016/j.diin.2010.05.009},
 acmid = {2296192},
 publisher = {Elsevier Science Publishers B. V.},
 address = {Amsterdam, The Netherlands, The Netherlands},
 keywords = {Corpora, Forensics, Human subjects research, Real data corpus, Realistic data},
} 

@article{dermaine_npComplete,
  AUTHOR        = {Erik D. Demaine and Martin L. Demaine},
  TITLE         = {Jigsaw Puzzles, Edge Matching, and Polyomino Packing:
                   Connections and Complexity},
  JOURNAL       = {Graphs and Combinatorics},
  VOLUME        = {23 (Supplement)},
  MONTH         = {June},
  YEAR          = 2007,
  PAGES         = {195--208},
  EDITOR        = {D. Avis and A. Bondy and M. Kano and N. Katoh},
  NOTE          = {Special issue on Computational Geometry and Graph Theory:
                   The Akiyama-Chvatal Festschrift.},
}

@article{zhu_documentReconstruction,
 author = {Zhu, Liangjia and Zhou, Zongtan and Hu, Dewen},
 title = {Globally Consistent Reconstruction of Ripped-Up Documents},
 journal = {IEEE Trans. Pattern Anal. Mach. Intell.},
 issue_date = {January 2008},
 volume = {30},
 number = {1},
 month = jan,
 year = {2008},
 issn = {0162-8828},
 pages = {1--13},
 numpages = {13},
 url = {http://dx.doi.org/10.1109/TPAMI.2007.1163},
 doi = {10.1109/TPAMI.2007.1163},
 acmid = {1320866},
 publisher = {IEEE Computer Society},
 address = {Washington, DC, USA},
 keywords = {Reconstruction of ripped-up documents, Reconstruction of ripped-up documents, compatibility, global consistency, gradient projection, relaxation, compatibility, global consistency, gradient projection, relaxation},
} 


@article{marande_dnaRnaReconstruction,
    author = {Marande, William and Burger, Gertraud},
    citeulike-article-id = {11971817},
    citeulike-linkout-0 = {http://www.sciencemag.org/cgi/content/abstract/318/5849/415},
    citeulike-linkout-1 = {http://dx.doi.org/10.1126/science.1148033},
    comment = {10.1126/science.1148033},
    day = {19},
    doi = {10.1126/science.1148033},
    journal = {Science},
    keywords = {mito, stubs},
    month = oct,
    number = {5849},
    pages = {415+},
    posted-at = {2013-01-30 00:26:35},
    priority = {2},
    title = {{Mitochondrial DNA as a Genomic Jigsaw Puzzle}},
    url = {http://www.sciencemag.org/cgi/content/abstract/318/5849/415},
    volume = {318},
    year = {2007}
}

@inproceedings{brown_archeologyRelic,
 author = {Brown, Benedict J. and Toler-Franklin, Corey and Nehab, Diego and Burns, Michael and Dobkin, David and Vlachopoulos, Andreas and Doumas, Christos and Rusinkiewicz, Szymon and Weyrich, Tim},
 title = {A System for High-volume Acquisition and Matching of Fresco Fragments: Reassembling Theran Wall Paintings},
 booktitle = {ACM SIGGRAPH 2008 Papers},
 series = {SIGGRAPH '08},
 year = {2008},
 isbn = {978-1-4503-0112-1},
 location = {Los Angeles, California},
 pages = {84:1--84:9},
 articleno = {84},
 numpages = {9},
 url = {http://doi.acm.org/10.1145/1399504.1360683},
 doi = {10.1145/1399504.1360683},
 acmid = {1360683},
 publisher = {ACM},
 address = {New York, NY, USA},
} 

@inproceedings{zhao_voiceDescrambling,
 author = {Zhao, Yu-Xiang and Su, Mu-Chun and Chou, Zhong-Lie and Lee, Jonathan},
 title = {A Puzzle Solver and Its Application in Speech Descrambling},
 booktitle = {Proceedings of the 2007 Annual Conference on International Conference on Computer Engineering and Applications},
 series = {CEA'07},
 year = {2007},
 isbn = {978-960-8457-58-4},
 location = {Gold Coast, Queensland, Australia},
 pages = {171--176},
 numpages = {6},
 url = {http://dl.acm.org/citation.cfm?id=1348258.1348289},
 acmid = {1348289},
 publisher = {World Scientific and Engineering Academy and Society (WSEAS)},
 address = {Stevens Point, Wisconsin, USA},
 keywords = {ant colony system, optimization algorithm, puzzle, speech scrambling, swarm intelligence},
} 

@inproceedings{cho_patchTransform,
  author    = {Taeg Sang Cho and
               Moshe Butman and
               Shai Avidan and
               William T. Freeman},
  title     = {The patch transform and its applications to image editing},
  booktitle = {2008 {IEEE} Computer Society Conference on Computer Vision and Pattern
               Recognition {(CVPR} 2008), 24-26 June 2008, Anchorage, Alaska, {USA}},
  year      = {2008},
  crossref  = {DBLP:conf/cvpr/2008},
  url       = {http://dx.doi.org/10.1109/CVPR.2008.4587642},
  doi       = {10.1109/CVPR.2008.4587642},
  timestamp = {Tue, 25 Nov 2014 17:05:17 +0100},
  biburl    = {http://dblp.uni-trier.de/rec/bib/conf/cvpr/ChoBAF08},
  bibsource = {dblp computer science bibliography, http://dblp.org}
}

@inproceedings{cho_probabilisticJigsawSolver,
  added-at = {2014-07-31T00:00:00.000+0200},
  author = {Cho, Taeg Sang and Avidan, Shai and Freeman, William T.},
  biburl = {http://www.bibsonomy.org/bibtex/20cf2ad422d858f7a61aa240188b2d367/dblp},
  booktitle = {CVPR},
  crossref = {conf/cvpr/2010},
  ee = {http://doi.ieeecomputersociety.org/10.1109/CVPR.2010.5540212},
  interhash = {9af3e3fefde13429771cc111463a307b},
  intrahash = {0cf2ad422d858f7a61aa240188b2d367},
  isbn = {978-1-4244-6984-0},
  keywords = {dblp},
  pages = {183-190},
  publisher = {IEEE Computer Society},
  timestamp = {2015-06-19T16:09:09.000+0200},
  title = {A probabilistic image jigsaw puzzle solver.},
  url = {http://dblp.uni-trier.de/db/conf/cvpr/cvpr2010.html#ChoAF10},
  year = 2010
}


@inproceedings{pomeranz_greedy,
  added-at = {2014-07-31T00:00:00.000+0200},
  author = {Pomeranz, Dolev and Shemesh, Michal and Ben-Shahar, Ohad},
  biburl = {http://www.bibsonomy.org/bibtex/2288232cd1b1d45cab03a6505890c9b23/dblp},
  booktitle = {CVPR},
  crossref = {conf/cvpr/2011},
  ee = {http://doi.ieeecomputersociety.org/10.1109/CVPR.2011.5995331},
  interhash = {b2ea3c7877c7334b92f3f774c71dc01d},
  intrahash = {288232cd1b1d45cab03a6505890c9b23},
  isbn = {978-1-4577-0394-2},
  keywords = {dblp},
  pages = {9-16},
  publisher = {IEEE Computer Society},
  timestamp = {2015-06-19T15:57:58.000+0200},
  title = {A fully automated greedy square jigsaw puzzle solver.},
  url = {http://dblp.uni-trier.de/db/conf/cvpr/cvpr2011.html#PomeranzSB11},
  year = 2011
}

@inproceedings{yang_particleFilter,
 author = {Xingwei Yang and Adluru, N. and Latecki, L. J.},
 title = {Particle Filter with State Permutations for Solving Image Jigsaw Puzzles},
 booktitle = {Proceedings of the 2011 IEEE Conference on Computer Vision and Pattern Recognition},
 series = {CVPR '11},
 year = {2011},
 isbn = {978-1-4577-0394-2},
 pages = {2873--2880},
 numpages = {8},
 url = {http://dx.doi.org/10.1109/CVPR.2011.5995535},
 doi = {10.1109/CVPR.2011.5995535},
 acmid = {2191865},
 publisher = {IEEE Computer Society},
 address = {Washington, DC, USA},
 keywords = {state permutation, image jigsaw puzzle problem, image reconstruction, nonoverlapping image patche, NP-complete problem, graphical model, target label probability function, loopy belief propagation, sampling framework, particle filter, posterior density, hidden state estimation, PF inference approach},
} 


@inproceedings{gallagher_unknownOrientation,
author = {A. Gallagher},
title = {Jigsaw Puzzles with Pieces of Unknown Orientation},
booktitle = {Proc. CVPR},
year = {2012},
}


@article{nielsen_imageFeatures,
 author = {Nielsen, Ture R. and Drewsen, Peter and Hansen, Klaus},
 title = {Solving Jigsaw Puzzles Using Image Features},
 journal = {Pattern Recogn. Lett.},
 issue_date = {October, 2008},
 volume = {29},
 number = {14},
 month = oct,
 year = {2008},
 issn = {0167-8655},
 pages = {1924--1933},
 numpages = {10},
 url = {http://dx.doi.org/10.1016/j.patrec.2008.05.027},
 doi = {10.1016/j.patrec.2008.05.027},
 acmid = {1410550},
 publisher = {Elsevier Science Inc.},
 address = {New York, NY, USA},
 keywords = {Border similarity measure, Co-occurrence matrix, Edge matching, Jigsaw puzzle solver, Piece classification},
} 



@book{pitas_imageSegmentation,
 author = {Pitas, Ioannis},
 title = {Digital Image Processing Algorithms and Applications},
 year = {2000},
 isbn = {0471377392},
 edition = {1st},
 publisher = {John Wiley \& Sons, Inc.},
 address = {New York, NY, USA},
} 

